<?xml version="1.0" encoding="UTF-8"?><record xmlns="http://www.loc.gov/MARC21/slim" xmlns:cinclude="http://apache.org/cocoon/include/1.0" xmlns:zs="http://www.loc.gov/zing/srw/">
  <leader>00717cz  a2200181n  4500</leader>
  <controlfield tag="001">n  88273937 </controlfield>
  <controlfield tag="003">DLC</controlfield>
  <controlfield tag="005">20081102081016.0</controlfield>
  <controlfield tag="008">890815n| acannaabn          |b aaa      </controlfield>
  <datafield tag="010" ind1=" " ind2=" ">
    <subfield code="a">n  88273937 </subfield>
  </datafield>
  <datafield tag="035" ind1=" " ind2=" ">
    <subfield code="a">(OCoLC)oca02580445</subfield>
  </datafield>
  <datafield tag="040" ind1=" " ind2=" ">
    <subfield code="a">DLC</subfield>
    <subfield code="b">eng</subfield>
    <subfield code="c">DLC</subfield>
    <subfield code="d">DLC</subfield>
    <subfield code="d">DLC-R</subfield>
    <subfield code="d">OCoLC</subfield>
  </datafield>
  <datafield tag="100" ind1="1" ind2=" ">
    <subfield code="a">Yoshikawa, Ryūko</subfield>
  </datafield>
  <datafield tag="400" ind1="1" ind2=" ">
    <subfield code="a">吉川龍子</subfield>
  </datafield>
  <datafield tag="667" ind1=" " ind2=" ">
    <subfield code="a">Machine-derived non-Latin script reference project.</subfield>
  </datafield>
  <datafield tag="667" ind1=" " ind2=" ">
    <subfield code="a">Non-Latin script reference not evaluated.</subfield>
  </datafield>
  <datafield tag="670" ind1=" " ind2=" ">
    <subfield code="a">Her Takayama Mitsu no shōgai, 1987:</subfield>
    <subfield code="b">t.p. (Yoshikawa Ryūko) cover (r; librarian, Nihon Sekijūji Chūō Joshi Tanki Daigaku Toshokan)</subfield>
  </datafield>
  <datafield tag="670" ind1=" " ind2=" ">
    <subfield code="a">Nisseki no sōshisha Sano Tsunetami, 2001:</subfield>
    <subfield code="b">t.p. (Yoshikawa Ryūko) colophon (r; b. 1927)</subfield>
  </datafield>
</record>